<?xml version="1.0" encoding="UTF-8"?><collection xmlns="http://www.loc.gov/MARC21/slim"><record><leader>00417nam--2200145-i-4500</leader><controlfield tag="001">000011341</controlfield><controlfield tag="002">20161230</controlfield><controlfield tag="005">20161230201029</controlfield><controlfield tag="008">060222s1000------------r-----000-0-eng-d</controlfield><datafield ind1=" " ind2=" " tag="080"><subfield code="a">621.38.049:621.3.066</subfield></datafield><datafield ind1=" " ind2=" " tag="100"><subfield code="a">Bergtold, Fritz</subfield></datafield><datafield ind1=" " ind2=" " tag="245"><subfield code="a">Integrierte schaltungen zum steuern und regeln mit 189 bildern</subfield></datafield><datafield ind1=" " ind2=" " tag="260"><subfield code="a">Munchen, R.Oldembourg Verlag, 1972 179 P</subfield></datafield><datafield ind1=" " ind2=" " tag="490"><subfield code="a">Elektronik In Der Praxis</subfield></datafield><datafield ind1=" " ind2=" " tag="852"><subfield code="a">42057</subfield></datafield></record></collection>